<record><leader>00000cas a2200000 a 4500</leader><controlfield tag="001">11354558</controlfield><controlfield tag="008">841106d18uu1903mnuwr ne      0   a0fre c</controlfield><datafield ind1=" " ind2=" " tag="010"><subfield code="a">sn 84024818 </subfield></datafield><datafield ind1=" " ind2=" " tag="040"><subfield code="a">NPV</subfield><subfield code="b">eng</subfield><subfield code="c">NPV</subfield><subfield code="d">OCL</subfield><subfield code="d">MN#</subfield><subfield code="d">NSD</subfield><subfield code="d">NVF</subfield><subfield code="d">OCL</subfield><subfield code="d">NVF</subfield><subfield code="d">DLC</subfield><subfield code="d">OCLCQ</subfield><subfield code="d">OCLCF</subfield><subfield code="d">OCLCO</subfield><subfield code="d">OCL</subfield></datafield><datafield ind1=" " ind2=" " tag="012"><subfield code="b">3</subfield></datafield><datafield ind1=" " ind2=" " tag="019"><subfield code="a">1764840</subfield></datafield><datafield ind1="0" ind2=" " tag="022"><subfield code="a">1053-3931</subfield><subfield code="l">1053-3931</subfield><subfield code="2">1</subfield></datafield><datafield ind1=" " ind2=" " tag="042"><subfield code="a">pcc</subfield><subfield code="a">nsdp</subfield></datafield><datafield ind1=" " ind2=" " tag="043"><subfield code="a">n-us-mn</subfield></datafield><datafield ind1=" " ind2=" " tag="052"><subfield code="a">4144</subfield><subfield code="b">S4</subfield></datafield><datafield ind1="1" ind2="0" tag="082"><subfield code="a">071</subfield><subfield code="2">12</subfield></datafield><datafield ind1="0" ind2=" " tag="130"><subfield code="a">Canadien (Saint Paul, Minn.)</subfield></datafield><datafield ind1="0" ind2=" " tag="210"><subfield code="a">Canadien</subfield><subfield code="b">(St. Paul Minn.)</subfield></datafield><datafield ind1=" " ind2="3" tag="222"><subfield code="a">Le Canadien</subfield><subfield code="b">(Saint Paul, Minn.)</subfield></datafield><datafield ind1="1" ind2="3" tag="245"><subfield code="a">Le Canadien.</subfield></datafield><datafield ind1=" " ind2=" " tag="260"><subfield code="a">Saint-Paul, Minn. :</subfield><subfield code="b">E.R. Dufresne,</subfield><subfield code="c">-1903.</subfield></datafield><datafield ind1=" " ind2=" " tag="300"><subfield code="a">v.</subfield></datafield><datafield ind1=" " ind2=" " tag="310"><subfield code="a">Weekly</subfield></datafield><datafield ind1="0" ind2=" " tag="362"><subfield code="a">-26ie&#768;me anne&#769;e, no. 45 (le 19 juin, 1903).</subfield></datafield><datafield ind1=" " ind2=" " tag="500"><subfield code="a">On masthead: Saint-Paul et Minneapolis, Minnesota.</subfield></datafield><datafield ind1=" " ind2=" " tag="515"><subfield code="a">Suspended with 28 mai 1896 issue; resumed with 27 aou&#770;t 1896 issue.</subfield></datafield><datafield ind1=" " ind2=" " tag="546"><subfield code="a">In French.</subfield></datafield><datafield ind1=" " ind2=" " tag="580"><subfield code="a">Merged with: Courrier de l'ouest (Chicago, Ill.); and: Voix du peuple (Minneapolis, Minn.) to form: Courrier-Canadien (Chicago, Ill.).</subfield></datafield><datafield ind1=" " ind2=" " tag="588"><subfield code="a">Description based on: 10ie&#768;me anne&#769;e, no 30 (10 Mars, 1887).</subfield></datafield><datafield ind1=" " ind2="0" tag="650"><subfield code="a">French newspapers</subfield><subfield code="z">Minnesota</subfield><subfield code="z">Saint Paul.</subfield></datafield><datafield ind1=" " ind2="0" tag="650"><subfield code="a">French newspapers</subfield><subfield code="z">Minnesota</subfield><subfield code="z">Minneapolis.</subfield></datafield><datafield ind1=" " ind2="0" tag="651"><subfield code="a">Saint Paul (Minn.)</subfield><subfield code="v">Newspapers.</subfield></datafield><datafield ind1=" " ind2="0" tag="651"><subfield code="a">Minneapolis (Minn.)</subfield><subfield code="v">Newspapers.</subfield></datafield><datafield ind1=" " ind2="7" tag="650"><subfield code="a">French newspapers.</subfield><subfield code="2">fast</subfield><subfield code="0">(OCoLC)fst00934758</subfield></datafield><datafield ind1=" " ind2="7" tag="651"><subfield code="a">Minnesota</subfield><subfield code="z">Minneapolis.</subfield><subfield code="2">fast</subfield><subfield code="0">(OCoLC)fst01204260</subfield></datafield><datafield ind1=" " ind2="7" tag="651"><subfield code="a">Minnesota</subfield><subfield code="z">Saint Paul.</subfield><subfield code="2">fast</subfield><subfield code="0">(OCoLC)fst01212130</subfield></datafield><datafield ind1=" " ind2="7" tag="655"><subfield code="a">Newspapers.</subfield><subfield code="2">fast</subfield><subfield code="0">(OCoLC)fst01423814</subfield></datafield><datafield ind1=" " ind2=" " tag="752"><subfield code="a">United States</subfield><subfield code="b">Minnesota</subfield><subfield code="c">Ramsey</subfield><subfield code="d">Saint Paul.</subfield></datafield><datafield ind1=" " ind2=" " tag="752"><subfield code="a">United States</subfield><subfield code="b">Minnesota</subfield><subfield code="c">Hennepin</subfield><subfield code="d">Minneapolis.</subfield></datafield><datafield ind1="1" ind2="7" tag="785"><subfield code="t">Courrier de l'ouest (Chicago, Ill.)</subfield><subfield code="w">(DLC)sn 91055752</subfield><subfield code="w">(OCoLC)23223633</subfield></datafield><datafield ind1="1" ind2="7" tag="785"><subfield code="t">Voix du peuple (Minneapolis, Minn.)</subfield></datafield><datafield ind1="1" ind2="7" tag="785"><subfield code="t">Courrier-Canadien (Chicago, Ill.)</subfield><subfield code="w">(DLC)sn 90060970</subfield><subfield code="w">(OCoLC)1590747</subfield></datafield></record>